<?xml version="1.0" encoding="UTF-8"?><collection xmlns="http://www.loc.gov/MARC21/slim"><record><leader>00466nam--2200181-u-4500</leader><controlfield tag="001">000052454</controlfield><controlfield tag="002">20161230</controlfield><controlfield tag="005">20161230201050</controlfield><controlfield tag="008">100714s1000------------r-----000-0-rus-d</controlfield><datafield ind1=" " ind2=" " tag="040"><subfield code="a">IFIN-HH</subfield></datafield><datafield ind1=" " ind2=" " tag="041"><subfield code="a">rus</subfield></datafield><datafield ind1="1" ind2=" " tag="100"><subfield code="a">Ilinskii, V.M</subfield></datafield><datafield ind1="1" ind2="0" tag="245"><subfield code="a">Veskontaktnoe ismerenie rashodov</subfield><subfield code="c">V.M. Ilinskii</subfield></datafield><datafield ind1=" " ind2=" " tag="260"><subfield code="a">Moskva</subfield><subfield code="b">Energiia</subfield><subfield code="c">1970</subfield></datafield><datafield ind1=" " ind2=" " tag="300"><subfield code="a">112 p</subfield></datafield><datafield ind1=" " ind2=" " tag="490"><subfield code="a">Biblioteka po avtomatike</subfield><subfield code="v">Vinusk 400</subfield></datafield><datafield ind1=" " ind2=" " tag="852"><subfield code="a">33882</subfield><subfield code="c">532</subfield></datafield><datafield ind1=" " ind2=" " tag="CAT"><subfield code="a">Sys</subfield><subfield code="c">20100714</subfield><subfield code="h">123455</subfield></datafield></record></collection>